@Manual{FIPS:180-1,
  author =       {{FIPS 180-1}},
  title =        {Secure Hash Standard},
  organization = {U.S. Department of Commerce/{N.I.S.T.}, National Technical Information Service},
  address =      {Springfield, VA},
  month =        Apr,
  year =         1995
}

@inproceedings{ coral:nsdi04,
    title = "Democratizing content publication with {Coral}",
    author = "Michael J. Freedman and Eric Freudenthal and David Mazi{\`e}res",
    booktitle = "Proc.\ 1st Symposium on Networked Systems Design and Implementation ({NSDI})",
    address = "San Francisco, CA",
    month = Mar,
    year = 2004
}

@inproceedings{tripwires,
 author = {Reis, Charles and Gribble, Steven D. and Kohno, Tadayoshi and Weaver, Nicholas C.},
 title = {{Detecting In-flight Page Changes with Web Tripwires}},
 booktitle = {Proceedings of the 5th USENIX Symposium on Networked Systems Design and Implementation},
 series = {NSDI'08},
 year = {2008},
 isbn = {111-999-5555-22-1},
 location = {San Francisco, California},
 pages = {31--44},
 numpages = {14},
 url = {http://dl.acm.org/citation.cfm?id=1387589.1387592},
 acmid = {1387592},
 publisher = {USENIX Association},
 address = {Berkeley, CA, USA},
} 

@misc{sslpulse,
 author = {\relax{TIM Trustworthy Internet Movement}},
 title = {{SSL Pulse}},
 year = {Retrieved Jan. 2014},
 url = {https://www.trustworthyinternet.org/ssl-pulse/},
} 



